<?xml version="1.0" encoding="UTF-8"?><collection><record><leader>07571ntm a2200613 a 4500</leader><controlfield tag="001">102137753</controlfield><controlfield tag="003">MiAaHDL</controlfield><controlfield tag="005">20190719000000.0</controlfield><controlfield tag="006">m        d        </controlfield><controlfield tag="007">cr bn ---auaua</controlfield><controlfield tag="008">140425s1444    xx            00| ||per d</controlfield><datafield tag="035" ind1=" " ind2=" "><subfield code="a">(MiU)012846349</subfield></datafield><datafield tag="035" ind1=" " ind2=" "><subfield code="a">sdr-miu012846349</subfield></datafield><datafield tag="040" ind1=" " ind2=" "><subfield code="a">MiU</subfield><subfield code="c">MiU</subfield><subfield code="e">amremm</subfield></datafield><datafield tag="043" ind1=" " ind2=" "><subfield code="a">n-us-mi</subfield></datafield><datafield tag="100" ind1="1" ind2=" "><subfield code="6">880-01</subfield><subfield code="a">Anṣārī Shīrāzī, ʻAlī ibn Ḥusayn,</subfield><subfield code="d">approximately 1329-1403 or 1404.</subfield></datafield><datafield tag="240" ind1="1" ind2="0"><subfield code="6">880-02</subfield><subfield code="a">Ikhtiyārāt-i badīʻī.</subfield><subfield code="n">Mujallad 1</subfield></datafield><datafield tag="245" ind1="1" ind2="3"><subfield code="6">880-03</subfield><subfield code="a">al-Mujallad al-awwal ʻan kitāb al-mawsūm bi-Ikhtiyārāt,</subfield><subfield code="f">[848, i.e. 1444].</subfield></datafield><datafield tag="246" ind1="3" ind2="0"><subfield code="a">المجلد الاول عن کتاب الموسوم باختیارات</subfield></datafield><datafield tag="246" ind1="3" ind2="0"><subfield code="a">کتاب اختیارات بدیعی</subfield></datafield><datafield tag="246" ind1="3" ind2="0"><subfield code="i">Title from illuminated headpiece at opening on p.2:</subfield><subfield code="a">كتاب اختيارات بديعي</subfield></datafield><datafield tag="260" ind1=" " ind2=" "><subfield code="c">[1444]</subfield></datafield><datafield tag="300" ind1=" " ind2=" "><subfield code="a">i, 226, i leaves :</subfield><subfield code="b">paper ;</subfield><subfield code="c">258 x 178 (165 x 110) mm. bound to 163 x 180 mm.</subfield></datafield><datafield tag="500" ind1=" " ind2=" "><subfield code="a">Shelfmark: Ann Arbor, University of Michigan, Special Collections Library, Isl. Ms. 1060</subfield></datafield><datafield tag="500" ind1=" " ind2=" "><subfield code="a">Origin: As appears in colophon at close (p.451), transcription of this the first volume completed 12 Rabīʻ II 484 [ca. 29 July 1444].</subfield></datafield><datafield tag="500" ind1=" " ind2=" "><subfield code="a">Accompanying materials: a. Slip of paper with note in Persian in pen identifying title, date of copying, and subject -- b. Index card with descriptive notes typed in German as well as transcription in clear black ink of note on other slip "اختيارات بديعى دائره المعارف طب"</subfield></datafield><datafield tag="500" ind1=" " ind2=" "><subfield code="a">Binding: Heavy boards covered in brown leather ; Type III binding (without flap) ; likely two piece binding (trace of seam of overlapping flanges visible on spine) ; board linings in European laid paper ; upper and lower covers carry blind-stamped central mandorla and pendants filled with symmetrical floral / vegetal decoration, set off by rules dividing cover to quadrants and border in a row of s-shaped stamps defined by blind rules ; now sewn in white thread, two stations, no traces of endbands (perhaps lost in rebinding), rather tightly bound ; slightly larger than textblock and likely not original ; subtle repair to spine in red brown leather, new hinges in dark brown leather ; sound and overall in fairly good condition with some abrasion.</subfield></datafield><datafield tag="500" ind1=" " ind2=" "><subfield code="a">Support: non-European (possibly Persianate) laid paper with roughly 8 laid lines per cm. (vertical, fairly straight) and chain lines occasionally visible ; formation somewhat cloudy with many inclusions (plant matter, bits of fiber, etc.), thin though sturdy and quite well-burnished to glossy, beige to light brown in color ; flyleaves in European laid paper (potentially machine laid) with "GIOR MAGNANI" below scrollwork with bird above tower (compare Heawood 3748) ; numerous native page repairs in brown paper.</subfield></datafield><datafield tag="500" ind1=" " ind2=" "><subfield code="a">Decoration: Illuminated headpiece at opening on p.2, rectangular in shape with title "كتاب اختيارات بديعي" in gold tawqīʻ in cartouche over swirling vegetal ground, flanked by delicate vegetal motifs in gold on azure blue ground, surrounded by now oxidized bands (with paper breakthrough) and surmounted by further decorative band in blue, gold and white with red accents, itself surmounted by fine tīgh ; keywords and headings rubricated, along with two-teeth stroke abbreviation.</subfield></datafield><datafield tag="500" ind1=" " ind2=" "><subfield code="a">Script: Naskh with some elements of nastaʻlīq ; elegant, spacious Turkic or Persianate hand in a medium line ; virtually serifless with elongation and contrasting thickness of horizontal strokes, long but fairly straight shaqq on kāf, quite rounded with curvilinear descenders and terminating strokes of tāʼ, bāʼ, etc., pointing mainly in distinct dots but occasionally with stroke for two dots, point of final and free-standing nūn set down within tall, angled bowl (rightward stroke typically higher than leftward stroke which occasionally curves and nearly forms a complete circle around dot), rāʼ often set within preceding dāl (particularly in instances of در), some free assimilation of letters, etc.</subfield></datafield><datafield tag="500" ind1=" " ind2=" "><subfield code="a">Layout: Written in 21 lines per page (single column) ; frame-ruled (impression of ruling board evident).</subfield></datafield><datafield tag="500" ind1=" " ind2=" "><subfield code="a">Collation: i, 2 IV(16), 2+IV (26), 9 IV(98), IV+1 (107), IV (115), III+1 (122), 13 IV(226), i ; chiefly quaternions ; catchwords present ; occasional foliation in pencil, Hindu-Arabic numerals, often toward the middle of the page in the outer margin ; pagination in pencil, Western numerals, supplied during cataloguing.</subfield></datafield><datafield tag="500" ind1=" " ind2=" "><subfield code="a">Colophon: "Scribal," triangular, reads "تمت المجلد الاول عن کتاب الموسوم باختیارات فی یوم 12 الجمعه عن [؟] ربیع الثانی سنه 848 هجریه م"</subfield></datafield><datafield tag="500" ind1=" " ind2=" "><subfield code="a">Incipit: "امداد حمد بی عدد و اعداد سپاس بی قیاس مبدعی را که آثار ابداع او بر هر ورقی از اوراق و شجری از اشجار سمت ..."</subfield></datafield><datafield tag="500" ind1=" " ind2=" "><subfield code="a">Title from colophon on p.451.</subfield></datafield><datafield tag="500" ind1=" " ind2=" "><subfield code="a">Ms. codex.</subfield></datafield><datafield tag="510" ind1="4" ind2=" "><subfield code="a">Ḥājji Zayn al-ʻAṭṭār al-Anṣārī, ʻAlī ibn al-Ḥusayn. Ikhtiyārāt-i badīʻī. Cawnpore, 1888.</subfield></datafield><datafield tag="510" ind1="4" ind2=" "><subfield code="a">Ḥājjī Khalīfah. Kashf al-ẓunūn,</subfield><subfield code="c">i 197</subfield></datafield><datafield tag="510" ind1="4" ind2=" "><subfield code="a">Rieu, Catalogue of the Persian manuscripts in the British Museum,</subfield><subfield code="c">v.2, p.469 (Add. 16748)</subfield></datafield><datafield tag="510" ind1="4" ind2=" "><subfield code="a">Storey, Persian literature: a bio-bibliographical survey,</subfield><subfield code="c">vol. 2, p. 220</subfield></datafield><datafield tag="510" ind1="4" ind2=" "><subfield code="a">Sotheby’s, Catalogue of fine oriental manuscripts, the property of the Hagop Kevorkian Fund ...etc. (sale 26 April 1982),</subfield><subfield code="c">lot 140</subfield></datafield><datafield tag="510" ind1="4" ind2=" "><subfield code="a">In the Scribes Hand: A Selection of Islamic Manuscripts, Bernard Quaritch Ltd Catalogue 1428, (London: Bernard Quaritch Ltd, 2014),</subfield><subfield code="c">no.4</subfield></datafield><datafield tag="520" ind1=" " ind2=" "><subfield code="a">Elegant early copy of the first volume of Ikhtiyārāt-i badīʻī, a work of materia medica (pharmacopoeia) by ʻAlī ibn al-Ḥusayn al-Anṣārī known as Ḥājjī Zayn al-ʻAṭṭār (d.1403 or 4).</subfield></datafield><datafield tag="538" ind1=" " ind2=" "><subfield code="a">Mode of access: Internet.</subfield></datafield><datafield tag="541" ind1=" " ind2=" "><subfield code="c">Purchase ;</subfield><subfield code="a">Quaritch ;</subfield><subfield code="d">Received: 2014/04/17</subfield></datafield><datafield tag="546" ind1=" " ind2=" "><subfield code="a">Persian.</subfield></datafield><datafield tag="561" ind1=" " ind2=" "><subfield code="a">Seven different ownership statements (one also a bequest statement) and six different seal impressions on ‘title page” (p.1), all at least partially obscured by page repairs ; small oval seal impression reading "لبعده الحسين الحسيني [?]" appears on incipit and facing page as well as adjacent to colophon where it is accompanied by a statement seemingly dated Muḥarram 1285 [1868 or 9] in Shushtar ; a few glosses in a hand other than that of the copyist, particularly at the opening of the codex ; rare marginal correction ; added notes on upper and lower board linings, as well as verso of final leaf, including note dated 2 Dhū al-Qaʻdah 1253 [ca. 28 January 1838] (on lower board lining) ; on verso of front flyleaf, inscribed by the Library "SPEC / ISLM | 500591044 / SPAUL-2014 | QUARITCH 4-17-14."</subfield></datafield><datafield tag="650" ind1=" " ind2="0"><subfield code="a">Manuscripts, Persian</subfield><subfield code="z">Michigan</subfield><subfield code="z">Ann Arbor.</subfield></datafield><datafield tag="650" ind1=" " ind2="0"><subfield code="a">Medicinal plants</subfield><subfield code="v">Early works to 1800.</subfield></datafield><datafield tag="650" ind1=" " ind2="0"><subfield code="a">Materia medica</subfield><subfield code="v">Early works to 1800.</subfield></datafield><datafield tag="650" ind1=" " ind2="0"><subfield code="a">Pharmacopoeias</subfield><subfield code="v">Early works to 1800.</subfield></datafield><datafield tag="650" ind1=" " ind2="0"><subfield code="a">Materia medica, Vegetable</subfield><subfield code="z">Iran</subfield><subfield code="v">Early works to 1800.</subfield></datafield><datafield tag="655" ind1=" " ind2="7"><subfield code="a">Headpieces (illuminated)</subfield><subfield code="y">15th century.</subfield><subfield code="2">aat</subfield></datafield><datafield tag="710" ind1="2" ind2=" "><subfield code="a">Hagop Kevorkian Fund,</subfield><subfield code="e">former owner.</subfield></datafield><datafield tag="880" ind1="1" ind2="2"><subfield code="6">245-03/</subfield><subfield code="a">المجلد الاول عن كتاب الموسوم باختيارات،</subfield><subfield code="f">[848ه، 1444م]</subfield></datafield><datafield tag="880" ind1="1" ind2="0"><subfield code="6">240-02/</subfield><subfield code="a">اختیارات بدیعی.</subfield><subfield code="n">مجلد 1</subfield></datafield><datafield tag="880" ind1="1" ind2=" "><subfield code="6">100-01/</subfield><subfield code="a">انصاري شيرازي، علي بن حسين.</subfield></datafield><datafield tag="CID" ind1=" " ind2=" "><subfield code="a">102137753</subfield></datafield><datafield tag="DAT" ind1="0" ind2=" "><subfield code="a">20190719102642.0</subfield><subfield code="b">20190719000000.0</subfield></datafield><datafield tag="DAT" ind1="1" ind2=" "><subfield code="a">20190719090653.0</subfield><subfield code="b">2019-07-19T16:10:24Z</subfield></datafield><datafield tag="DAT" ind1="2" ind2=" "><subfield code="a">2019-03-29T18:00:03Z</subfield></datafield><datafield tag="CAT" ind1=" " ind2=" "><subfield code="a">SDR-MIU</subfield><subfield code="d">EX LIBRIS - ALEPH</subfield><subfield code="l">prepare.pl-004-008</subfield></datafield><datafield tag="FMT" ind1=" " ind2=" "><subfield code="a">BK</subfield></datafield><datafield tag="HOL" ind1=" " ind2=" "><subfield code="0">sdr-miu012846349</subfield><subfield code="a">MiU</subfield><subfield code="b">SDR</subfield><subfield code="c">MIU</subfield><subfield code="p">mdp.39015079133289</subfield><subfield code="s">MIU</subfield><subfield code="1">012846349</subfield></datafield><datafield tag="974" ind1=" " ind2=" "><subfield code="b">MIU</subfield><subfield code="c">MIU</subfield><subfield code="d">20190719</subfield><subfield code="s">lit-dlps-dc</subfield><subfield code="u">mdp.39015079133289</subfield><subfield code="y">1444</subfield><subfield code="r">pd</subfield><subfield code="q">bib</subfield><subfield code="t">non-US bib date1 &lt; 1879</subfield></datafield></record></collection>